@book{mardia2009directional,
  title={Directional statistics},
  author={Mardia, Kanti V and Jupp, Peter E},
  year={2009},
  publisher={John Wiley \& Sons}
}

@article{von1918uber,
  title={\"{U}ber die ``Ganzzahligkeit'' der Atomgewicht und verwandte Fragen},
  author={von Mises, Richard},
  journal={Physikal. Z.},
  volume={19},
  pages={490--500},
  year={1918}
}

@article{fisher1953dispersion,
  title={Dispersion on a sphere},
  author={Fisher, Ronald Aylmer},
  journal={Proceedings of the Royal Society of London. Series A. Mathematical and Physical Sciences},
  volume={217},
  number={1130},
  pages={295--305},
  year={1953}
}

@article{downs1972orientation,
  title={Orientation statistics},
  author={Downs, Thomas D},
  journal={Biometrika},
  volume={59},
  number={3},
  pages={665--676},
  year={1972},
  publisher={Oxford University Press}
}

@article{khatri1977mises,
  title={The von {M}ises--{F}isher matrix distribution in orientation statistics},
  author={Khatri, CG and Mardia, Kanti V},
  journal={Journal of the Royal Statistical Society: Series B (Methodological)},
  volume={39},
  number={1},
  pages={95--106},
  year={1977},
  publisher={Wiley Online Library}
}

@article{bingham1974antipodally,
  title={An antipodally symmetric distribution on the sphere},
  author={Bingham, Christopher},
  journal={The Annals of Statistics},
  pages={1201--1225},
  year={1974},
  publisher={JSTOR}
}

@article{prentice1986orientation,
  title={Orientation statistics without parametric assumptions},
  author={Prentice, Michael J},
  journal={Journal of the Royal Statistical Society: Series B (Methodological)},
  volume={48},
  number={2},
  pages={214--222},
  year={1986},
  publisher={Wiley Online Library}
}

@article{nikolayev1997normal,
  title={Normal distribution on the rotation group SO(3)},
  author={Nikolayev, Dmitry I and Savyolov, Tatjana I},
  journal={Textures and Microstructures},
  volume={29},
  pages={201--233},
  year={1997},
  publisher={Hindawi}
}

@article{qiu2014wrapped,
  title={A wrapped trivariate normal distribution and {B}ayes inference for 3-{D} rotations},
  author={Qiu, Yu and Nordman, Daniel J and Vardeman, Stephen B},
  journal={Statistica Sinica},
  pages={897--917},
  year={2014},
  publisher={JSTOR}
}

@book{bunge2013texture,
  title={Texture analysis in materials science: mathematical methods},
  author={Bunge, H-J},
  year={2013},
  publisher={Elsevier}
}

@article{leon2006statistical,
  title={A statistical model for random rotations},
  author={Le{\'o}n, Carlos A and Mass{\'e}, Jean-Claude and Rivest, Louis-Paul},
  journal={Journal of Multivariate Analysis},
  volume={97},
  number={2},
  pages={412--430},
  year={2006},
  publisher={Elsevier}
}

@article{matthies1982form,
  title={Form effects in the description of the orientation distribution function {(ODF)} of texturized materials by model components},
  author={Matthies, S},
  journal={Physica Status Solidi (b)},
  volume={112},
  number={2},
  pages={705--716},
  year={1982},
  publisher={Wiley Online Library}
}

@book{chikuse2003statistics,
  title={Statistics on special manifolds},
  author={Chikuse, Yasuko},
  year={2003},
  publisher={Springer}
}

@article{mardia1978model,
  title={A model for cylindrical variables with applications},
  author={Mardia, KV and Sutton, TW},
  journal={Journal of the Royal Statistical Society: Series B (Methodological)},
  volume={40},
  number={2},
  pages={229--233},
  year={1978},
  publisher={Wiley Online Library}
}

@article{abe2017tractable,
  title = {A tractable, parsimonious and flexible model for cylindrical data, with applications},
  author={Abe, Toshihiro and Ley, Christophe},
  journal = {Econometrics and Statistics},
  volume = {4},
  pages = {91-104},
  year = {2017},
}

@article{kato2008dependent,
  title = {Dependent models for observations which include angular ones},
  author={Kato, Shogo and Shimizu, Kunio},
  journal = {Journal of Statistical Planning and Inference},
  volume = {138},
  number = {11},
  pages = {3538-3549},
  year = {2008},
}

@article{johnson1978some,
  author = { Richard A.   Johnson  and  Thomas E.   Wehrly },
  title = {Some Angular-Linear Distributions and Related Regression Models},
  journal = {Journal of the American Statistical Association},
  volume = {73},
  number = {363},
  pages = {602-606},
  year  = {1978},
  publisher = {Taylor & Francis},
}

@article{markley2006attitude,
  title={Attitude filtering on {SO(3)}},
  author={Markley, F Landis},
  journal={The Journal of the Astronautical Sciences},
  volume={54},
  number={3-4},
  pages={391--413},
  year={2006},
  publisher={Springer}
}

@article{darling2016uncertainty,
  title={Uncertainty propagation of correlated quaternion and {E}uclidean states using the {G}auss-{B}ingham density},
  author={Darling, Jacob E and DeMars, Kyle J},
  journal={Journal of Advances in Information Fusion},
  volume={11},
  number={2},
  pages={1--20},
  year={2016}
}

@article{mardia2008multivariate,
  title={A multivariate von {M}ises distribution with applications to bioinformatics},
  author={Mardia, Kanti V and Hughes, Gareth and Taylor, Charles C and Singh, Harshinder},
  journal={Canadian Journal of Statistics},
  volume={36},
  number={1},
  pages={99--109},
  year={2008},
  publisher={Wiley Online Library}
}

@article{shuster1993survey,
  title={A survey of attitude representations},
  author={Shuster, Malcolm D},
  journal={Navigation},
  volume={8},
  number={9},
  pages={439--517},
  year={1993}
}

@article{stuelpnagel1964parametrization,
  title={On the parametrization of the three-dimensional rotation group},
  author={Stuelpnagel, John},
  journal={SIAM review},
  volume={6},
  number={4},
  pages={422--430},
  year={1964},
  publisher={SIAM}
}

@article{mahony2008nonlinear,
  title={Nonlinear complementary filters on the special orthogonal group},
  author={Mahony, Robert and Hamel, Tarek and Pflimlin, Jean-Michel},
  journal={IEEE Transactions on automatic control},
  volume={53},
  number={5},
  pages={1203--1218},
  year={2008},
  publisher={IEEE}
}

@article{trumpf2012analysis,
  title={Analysis of non-linear attitude observers for time-varying reference measurements},
  author={Trumpf, Jochen and Mahony, Robert and Hamel, Tarek and Lageman, Christian},
  journal={IEEE Transactions on Automatic Control},
  volume={57},
  number={11},
  pages={2789--2800},
  year={2012},
  publisher={IEEE}
}

@article{grip2011attitude,
  title={Attitude estimation using biased gyro and vector measurements with time-varying reference vectors},
  author={Grip, H{\aa}vard Fj{\ae}r and Fossen, Thor I and Johansen, Tor A and Saberi, Ali},
  journal={IEEE Transactions on automatic control},
  volume={57},
  number={5},
  pages={1332--1338},
  year={2011},
  publisher={IEEE}
}

@article{batista2012ges,
  title={A GES attitude observer with single vector observations},
  author={Batista, Pedro and Silvestre, Carlos and Oliveira, Paulo},
  journal={Automatica},
  volume={48},
  number={2},
  pages={388--395},
  year={2012},
  publisher={Elsevier}
}

@inproceedings{wu2015globally,
  title={Globally asymptotically stable attitude observer on SO(3)},
  author={Wu, Tse-Huai and Kaufman, Evan and Lee, Taeyoung},
  booktitle={IEEE Conference on Decision and Control},
  pages={2164--2168},
  year={2015},
}

@article{reis2018nonlinear,
  title={Nonlinear observer on SO(3) for attitude estimation on rotating {E}arth using single vector measurements},
  author={Reis, Joel and Batista, Pedro and Oliveira, Paulo and Silvestre, Carlos},
  journal={IEEE Control Systems Letters},
  volume={3},
  number={2},
  pages={392--397},
  year={2018},
  publisher={IEEE}
}

@article{karvonen2020stability,
  title={On stability of a class of filters for nonlinear stochastic systems},
  author={Karvonen, Toni and Bonnabel, Silv{\`e}re and Moulines, Eric and Sarkka, Simo},
  journal={SIAM Journal on Control and Optimization},
  volume={58},
  number={4},
  pages={2023--2049},
  year={2020},
  publisher={SIAM}
}

@article{crassidis2007survey,
  title={Survey of nonlinear attitude estimation methods},
  author={Crassidis, John L and Markley, F Landis and Cheng, Yang},
  journal={Journal of guidance, control, and dynamics},
  volume={30},
  number={1},
  pages={12--28},
  year={2007}
}

@article{farrell1970attitude,
  title={Attitude determination by {K}alman filtering},
  author={Farrell, James Lawrence},
  journal={Automatica},
  volume={6},
  number={3},
  pages={419--430},
  year={1970},
  publisher={Elsevier}
}

@inproceedings{foxlin1996inertial,
  title={Inertial head-tracker sensor fusion by a complementary separate-bias {K}alman filter},
  author={Foxlin, Eric},
  booktitle={Proceedings of the IEEE 1996 Virtual Reality Annual International Symposium},
  pages={185--194},
  year={1996},
  organization={IEEE}
}

@article{idan1996estimation,
  title={Estimation of {R}odrigues parameters from vector observations},
  author={Idan, M},
  journal={IEEE Transactions on Aerospace and Electronic Systems},
  volume={32},
  number={2},
  pages={578--586},
  year={1996},
  publisher={IEEE}
}

@inproceedings{crassidis1996attitude,
  title={Attitude estimation using modified {R}odrigues parameters},
  author={Crassidis, John L and Markley, F Landis},
  booktitle={Flight Mechanics/Estimation Theory Symposium 1996},
  pages={71-83},
  year={1996}
}

@article{lefferts1982kalman,
  title={Kalman filtering for spacecraft attitude estimation},
  author={Lefferts, Ern J and Markley, F Landis and Shuster, Malcolm D},
  journal={Journal of Guidance, control, and Dynamics},
  volume={5},
  number={5},
  pages={417--429},
  year={1982}
}

@article{markley2003attitude,
  title={Attitude error representations for Kalman filtering},
  author={Markley, F Landis},
  journal={Journal of guidance, control, and dynamics},
  volume={26},
  number={2},
  pages={311--317},
  year={2003}
}

@article{gai1985star,
  title={Star-sensor-based satellite attitude/attitude rate estimator},
  author={Gai, Eliezer and Daly, Kevin and Harrison, James and Lemos, Linda},
  journal={Journal of Guidance, Control, and Dynamics},
  volume={8},
  number={5},
  pages={560--565},
  year={1985}
}

@inproceedings{li2012improving,
  title={Improving the accuracy of EKF-based visual-inertial odometry},
  author={Li, Mingyang and Mourikis, Anastasios I},
  booktitle={International Conference on Robotics and Automation},
  pages={828--835},
  year={2012}
}

@article{markley2004attitude,
  title={Attitude estimation or quaternion estimation?},
  author={Markley, F Landis},
  journal={The Journal of the Astronautical Sciences},
  volume={52},
  number={1},
  pages={221--238},
  year={2004},
  publisher={Springer}
}

@article{shuster2003constraint2,
  title={Constraint in attitude estimation part {I}: Constrained estimation},
  author={Shuster, Malcolm D},
  journal={The Journal of the Astronautical Sciences},
  volume={51},
  number={1},
  pages={51--74},
  year={2003},
  publisher={Springer}
}

@article{shuster2003constraint1,
  title={Constraint in attitude estimation part {II}: Unconstrained estimation},
  author={Shuster, Malcolm D},
  journal={The Journal of the Astronautical Sciences},
  volume={51},
  number={1},
  pages={75--101},
  year={2003},
  publisher={Springer}
}

@article{sola2017quaternion,
  title={Quaternion kinematics for the error-state Kalman filter},
  author={Sola, Joan},
  journal={arXiv preprint arXiv:1711.02508},
  year={2017}
}

@article{barrau2014intrinsic,
  title={Intrinsic filtering on Lie groups with applications to attitude estimation},
  author={Barrau, Axel and Bonnabel, Silv{\`e}re},
  journal={IEEE Transactions on Automatic Control},
  volume={60},
  number={2},
  pages={436--449},
  year={2014},
  publisher={IEEE}
}

@article{barrau2016invariant,
  title={The invariant extended Kalman filter as a stable observer},
  author={Barrau, Axel and Bonnabel, Silv{\`e}re},
  journal={IEEE Transactions on Automatic Control},
  volume={62},
  number={4},
  pages={1797--1812},
  year={2016},
  publisher={IEEE}
}

@article{barrau2018invariant,
  title={Invariant kalman filtering},
  author={Barrau, Axel and Bonnabel, Silv{\`e}re},
  journal={Annual Review of Control, Robotics, and Autonomous Systems},
  volume={1},
  number={1},
  pages={237--257},
  year={2018},
  publisher={Annual Reviews}
}

@article{crassidis2003unscented,
  title={Unscented filtering for spacecraft attitude estimation},
  author={Crassidis, John L and Markley, F Landis},
  journal={Journal of guidance, control, and dynamics},
  volume={26},
  number={4},
  pages={536--542},
  year={2003}
}

@article{lee2018bayesian,
  title={Bayesian attitude estimation with the matrix {F}isher distribution on SO(3)},
  author={Lee, Taeyoung},
  journal={IEEE Transactions on Automatic Control},
  volume={63},
  number={10},
  pages={3377--3392},
  year={2018},
  publisher={IEEE}
}

@article{liu2021mfdnet,
  title={MFDNet: Collaborative poses perception and matrix Fisher distribution for head pose estimation},
  author={Liu, Hai and Fang, Shuai and Zhang, Zhaoli and Li, Duantengchuan and Lin, Ke and Wang, Jiazhang},
  journal={IEEE Transactions on Multimedia},
  year={2021},
  publisher={IEEE}
}

@article{mohlin2020probabilistic,
  title={Probabilistic orientation estimation with matrix fisher distributions},
  author={Mohlin, David and Sullivan, Josephine and Bianchi, G{\'e}rald},
  journal={Advances in Neural Information Processing Systems},
  volume={33},
  pages={4884--4893},
  year={2020}
}

@inproceedings{yin2022fishermatch,
  title={FisherMatch: Semi-Supervised Rotation Regression via Entropy-based Filtering},
  author={Yin, Yingda and Cai, Yingcheng and Wang, He and Chen, Baoquan},
  booktitle={Proceedings of the IEEE/CVF Conference on Computer Vision and Pattern Recognition},
  pages={11164--11173},
  year={2022}
}

@book{hall2003lie,
  title={Lie groups, Lie algebras, and representations: an elementary introduction},
  author={Hall, Brian C},
  volume={10},
  year={2003},
  publisher={Springer}
}

@article{markley1988attitude,
  title={Attitude determination using vector observations and the singular value decomposition},
  author={Markley, F Landis},
  journal={Journal of the Astronautical Sciences},
  volume={36},
  number={3},
  pages={245--258},
  year={1988}
}

@inproceedings{glover2014tracking,
  title={Tracking the spin on a ping pong ball with the quaternion {B}ingham filter},
  author={Glover, Jared and Kaelbling, Leslie Pack},
  booktitle={International Conference on Robotics and Automation},
  pages={4133--4140},
  year={2014},
  organization={IEEE}
}

@article{kurz2014recursive,
  title={Recursive {B}ingham filter for directional estimation involving 180 degree symmetry},
  author={Kurz, Gerhard and Gilitschenski, Igor and Julier, Simon and Hanebeck, Uwe D},
  journal={Journal of Advances in Information Fusion},
  volume={9},
  number={2},
  pages={90--105},
  year={2014}
}

@article{gilitschenski2015unscented,
  title={Unscented orientation estimation based on the Bingham distribution},
  author={Gilitschenski, Igor and Kurz, Gerhard and Julier, Simon J and Hanebeck, Uwe D},
  journal={IEEE Transactions on Automatic Control},
  volume={61},
  number={1},
  pages={172--177},
  year={2015},
  publisher={IEEE}
}

@inproceedings{gilitschenski2014new,
  title={A new probability distribution for simultaneous representation of uncertain position and orientation},
  author={Gilitschenski, Igor and Kurz, Gerhard and Julier, Simon J and Hanebeck, Uwe D},
  booktitle={International Conference on Information Fusion},
  pages={1--7},
  year={2014},
  organization={IEEE}
}

@inproceedings{li2019geometry,
  title={Geometry-driven stochastic modeling of {SE}(3) states based on dual quaternion representation},
  author={Li, Kailai and Pfaff, Florian and Hanebeck, Uwe D},
  booktitle={International Conference on Industrial Cyber Physical Systems},
  pages={254--260},
  year={2019},
  organization={IEEE}
}

@article{li2020unscented,
  title={Unscented dual quaternion particle filter for {SE}(3) estimation},
  author={Li, Kailai and Pfaff, Florian and Hanebeck, Uwe D},
  journal={IEEE Control Systems Letters},
  volume={5},
  number={2},
  pages={647--652},
  year={2020},
  publisher={IEEE}
}

@inproceedings{srivatsan2017bingham,
  title={Bingham distribution-based linear filter for online pose estimation},
  author={Srivatsan, Rangaprasad Arun and Xu, Mengyun and Zevallos, Nicolas and Choset, Howie},
  booktitle={Robotics: Science and Systems},
  year={2017},
  organization={Robotics Science and Systems Foundation}
}

@article{pewsey2021recent,
  title={Recent advances in directional statistics},
  author={Pewsey, Arthur and Garc{\'\i}a-Portugu{\'e}s, Eduardo},
  journal={Test},
  volume={30},
  number={1},
  pages={1--58},
  year={2021},
  publisher={Springer}
}

@inproceedings{gilitschenski2014efficient,
  title={Efficient Bingham filtering based on saddlepoint approximations},
  author={Gilitschenski, Igor and Kurz, Gerhard and Julier, Simon J and Hanebeck, Uwe D},
  booktitle={2014 International Conference on Multisensor Fusion and Information Integration for Intelligent Systems (MFI)},
  pages={1--7},
  year={2014},
  organization={IEEE}
}

@article{koev2006efficient,
  title={The efficient evaluation of the hypergeometric function of a matrix argument},
  author={Koev, Plamen and Edelman, Alan},
  journal={Mathematics of Computation},
  volume={75},
  number={254},
  pages={833--846},
  year={2006}
}

@article{kume2005saddlepoint,
  title={Saddlepoint approximations for the Bingham and Fisher--Bingham normalising constants},
  author={Kume, Alfred and Wood, Andrew TA},
  journal={Biometrika},
  volume={92},
  number={2},
  pages={465--476},
  year={2005},
  publisher={Oxford University Press}
}

@article{sei2015calculating,
  title={Calculating the normalising constant of the Bingham distribution on the sphere using the holonomic gradient method},
  author={Sei, Tomonari and Kume, Alfred},
  journal={Statistics and Computing},
  volume={25},
  number={2},
  pages={321--332},
  year={2015},
  publisher={Springer}
}

@article{wood1993estimation,
  title={Estimation of the Concentration Parameters of the {F}isher Matrix Distribution on {SO}(3) and the {B}ingham Distribution on $S_q$, $q\geq 2$},
  author={Wood, Andrew TA},
  journal={Australian Journal of Statistics},
  volume={35},
  number={1},
  pages={69--79},
  year={1993},
  publisher={Wiley Online Library}
}

@article{kume2007derivatives,
  title={On the derivatives of the normalising constant of the Bingham distribution},
  author={Kume, Alfred and Wood, Andrew TA},
  journal={Statistics \& probability letters},
  volume={77},
  number={8},
  pages={832--837},
  year={2007},
  publisher={Elsevier}
}

@inproceedings{papadopoulo2000estimating,
  title={Estimating the jacobian of the singular value decomposition: Theory and applications},
  author={Papadopoulo, Th{\'e}odore and Lourakis, Manolis IA},
  booktitle={European Conference on Computer Vision},
  pages={554--570},
  year={2000},
  organization={Springer}
}

@article{kent2013new,
  title={A new method to simulate the {B}ingham and related distributions in directional data analysis with applications},
  author={Kent, John T and Ganeiber, Asaad M and Mardia, Kanti V},
  journal={arXiv preprint arXiv:1310.8110},
  year={2013}
}

@misc{MFMomentCode,
  author = {Weixin Wang and Taeyoung Lee},
  year = {2020},
  publisher = {GitHub},
  journal = {GitHub repository},
  howpublished = {[Online]. Available: \url{https://github.com/fdcl-gwu/MF\_Moments}},
}

@inproceedings{lee2018bayesian-b,
  title={Bayesian attitude estimation with approximate matrix {F}isher distributions on {SO}(3)},
  author={Lee, Taeyoung},
  booktitle={2018 IEEE Conference on Decision and Control (CDC)},
  pages={5319--5325},
  year={2018},
  organization={IEEE}
}

@book{chirikjian2011stochastic,
  title={Stochastic models, information theory, and {L}ie groups, volume 2: Analytic methods and modern applications},
  author={Chirikjian, Gregory S},
  year={2011},
  publisher={Springer Science \& Business Media}
}

@article{zwiernik2017maximum,
  title={Maximum likelihood estimation for linear {G}aussian covariance models},
  author={Zwiernik, Piotr and Uhler, Caroline and Richards, Donald},
  journal={Journal of the Royal Statistical Society: Series B (Statistical Methodology)},
  volume={79},
  number={4},
  pages={1269--1292},
  year={2017},
  publisher={Wiley Online Library}
}

@book{kullback1997information,
  title={Information theory and statistics},
  author={Kullback, Solomon},
  year={1997},
  publisher={Courier Corporation}
}

@book{dym1972fourier,
  title={Fourier series and integrals},
  author={Dym, Harry and HP, McKean},
  year={1972},
  publisher={Academic Press}
}

@article{shuster1981three,
  title={Three-axis attitude determination from vector observations},
  author={Shuster, Malcolm David and Oh, S D\_},
  journal={Journal of guidance and Control},
  volume={4},
  number={1},
  pages={70--77},
  year={1981}
}

@inproceedings{lee2007global,
  title={Global attitude estimation using single direction measurements},
  author={Lee, Taeyoung and Leok, Melvin and McClamroch, N Harris and Sanyal, Amit},
  booktitle={2007 American Control Conference},
  pages={3659--3664},
  year={2007},
  organization={IEEE}
}

@article{mohler1988nonlinear,
  title={Nonlinear data observability and information},
  author={Mohler, RR and Hwang, CS},
  journal={Journal of the Franklin Institute},
  volume={325},
  number={4},
  pages={443--464},
  year={1988},
  publisher={Elsevier}
}

@article{moakher2002means,
  title={Means and averaging in the group of rotations},
  author={Moakher, Maher},
  journal={SIAM journal on matrix analysis and applications},
  volume={24},
  number={1},
  pages={1--16},
  year={2002},
  publisher={SIAM}
}

@article{pennec2006intrinsic,
  title={Intrinsic statistics on {R}iemannian manifolds: basic tools for geometric measurements},
  author={Pennec, Xavier},
  journal={Journal of Mathematical Imaging and Vision},
  volume={25},
  number={1},
  pages={127},
  year={2006},
  publisher={Springer}
}

@article{smith2005covariance,
  title={Covariance, subspace, and intrinsic {C}ram{\'e}r-{R}ao bounds},
  author={Smith, Steven Thomas},
  journal={IEEE Transactions on Signal Processing},
  volume={53},
  number={5},
  pages={1610--1630},
  year={2005},
  publisher={IEEE}
}

@inproceedings{barrau2018stochastic,
  title={Stochastic observers on {L}ie groups: a tutorial},
  author={Barrau, Axel and Bonnabel, Silv{\`e}re},
  booktitle={2018 IEEE Conference on Decision and Control (CDC)},
  pages={1264--1269},
  year={2018},
  organization={IEEE}
}

@article{hermann1977nonlinear,
  title={Nonlinear controllability and observability},
  author={Hermann, Robert and Krener, Arthur},
  journal={IEEE Transactions on automatic control},
  volume={22},
  number={5},
  pages={728--740},
  year={1977},
  publisher={IEEE}
}

@book{haug2012bayesian,
  title={Bayesian estimation and tracking: a practical guide},
  author={Haug, Anton J},
  year={2012},
  publisher={John Wiley \& Sons}
}

@misc{MFGCode,
  author = {W. Wang and T. Lee},
  title = {Matrix {F}isher-{G}aussian Distribution},
  year = {2019},
  publisher = {GitHub},
  journal = {GitHub repository},
  howpublished = {[Online]. Available: \url{https://github.com/fdcl-gwu/Matrix-Fisher-Gaussian-Code}},
}

@article{lee2007lie,
  title={Lie group variational integrators for the full body problem},
  author={Lee, Taeyoung and Leok, Melvin and McClamroch, N Harris},
  journal={Computer Methods in Applied Mechanics and Engineering},
  volume={196},
  number={29-30},
  pages={2907--2924},
  year={2007},
  publisher={Elsevier}
}

@article{lee2007lie-b,
  title={Lie group variational integrators for the full body problem in orbital mechanics},
  author={Lee, Taeyoung and Leok, Melvin and McClamroch, N Harris},
  journal={Celestial Mechanics and Dynamical Astronomy},
  volume={98},
  number={2},
  pages={121--144},
  year={2007},
  publisher={Springer}
}

@article{chulliat2020us,
  title={The US/UK world magnetic model for 2020-2025},
  author={Chulliat, Arnaud and Brown, William and Alken, Patrick and Beggan, Ciaran and Nair, Manoj and Cox, Grace and Woods, Adam and Macmillan, Susan and Meyer, Brian and Paniccia, Michael},
  year={2020},
  publisher={British Geological Survey}
}

@inproceedings{lee2019spacecraft,
  title={Spacecraft attitude estimation with a single magnetometer using matrix Fisher distributions on SO (3)},
  author={Lee, Taeyoung},
  booktitle={AIAA Scitech 2019 Forum},
  pages={1173},
  year={2019}
}

@article{petersen2008matrix,
  title={The matrix cookbook},
  author={Petersen, Kaare Brandt and Pedersen, Michael Syskind and others},
  journal={Technical University of Denmark},
  volume={7},
  number={15},
  pages={510},
  year={2008}
}

@article{arulampalam2002tutorial,
  title={A tutorial on particle filters for online nonlinear/non-Gaussian Bayesian tracking},
  author={Arulampalam, M Sanjeev and Maskell, Simon and Gordon, Neil and Clapp, Tim},
  journal={IEEE Transactions on signal processing},
  volume={50},
  number={2},
  pages={174--188},
  year={2002},
  publisher={Ieee}
}

@article{kurz2016recursive,
  title={Recursive Bayesian filtering in circular state spaces},
  author={Kurz, Gerhard and Gilitschenski, Igor and Hanebeck, Uwe D},
  journal={IEEE Aerospace and Electronic Systems Magazine},
  volume={31},
  number={3},
  pages={70--87},
  year={2016},
  publisher={IEEE}
}

@inproceedings{hanebeck2013pgf,
  title={{PGF} 42: Progressive {G}aussian filtering with a twist},
  author={Hanebeck, Uwe D},
  booktitle={Proceedings of the 16th International Conference on Information Fusion},
  pages={1103--1110},
  year={2013},
  organization={IEEE}
}

@inproceedings{huang2015gaussian,
  title={Gaussian approximate filter with progressive measurement update},
  author={Huang, Yulong and Zhang, Yonggang and Li, Ning and Zhao, Lin},
  booktitle={2015 54th IEEE Conference on Decision and Control (CDC)},
  pages={4344--4349},
  year={2015},
  organization={IEEE}
}

@inproceedings{kurz2014nonlinear,
  title={Nonlinear measurement update for estimation of angular systems based on circular distributions},
  author={Kurz, Gerhard and Gilitschenski, Igor and Hanebeck, Uwe D},
  booktitle={2014 American Control Conference},
  pages={5694--5699},
  year={2014},
  organization={IEEE}
}

@article{li2021progressive,
  title={Progressive von Mises--Fisher Filtering Using Isotropic Sample Sets for Nonlinear Hyperspherical Estimation},
  author={Li, Kailai and Pfaff, Florian and Hanebeck, Uwe D},
  journal={Sensors},
  volume={21},
  number={9},
  pages={2991},
  year={2021},
  publisher={MDPI}
}

@inproceedings{mourikis2007multi,
  title={A Multi-State Constraint Kalman Filter for Vision-aided Inertial Navigation.},
  author={Mourikis, Anastasios I and Roumeliotis, Stergios I and others},
  booktitle={ICRA},
  volume={2},
  pages={6},
  year={2007}
}

@article{huang2021comprehensive,
  title={A comprehensive survey on point cloud registration},
  author={Huang, Xiaoshui and Mei, Guofeng and Zhang, Jian and Abbas, Rana},
  journal={arXiv preprint arXiv:2103.02690},
  year={2021}
}

@article{arun1987least,
  title={Least-squares fitting of two 3-D point sets},
  author={Arun, K Somani and Huang, Thomas S and Blostein, Steven D},
  journal={IEEE Transactions on pattern analysis and machine intelligence},
  number={5},
  pages={698--700},
  year={1987},
  publisher={IEEE}
}

@article{besl1992method,
  title={A Method for Registration of 3-D Shapes},
  author={Besl, Paul J and McKay, Neil D},
  journal={IEEE Transactions on Pattern Analysis and Machine Intelligence},
  volume={14},
  number={2},
  pages={239--256},
  year={1992},
  publisher={IEEE Computer Society Washington, DC, USA}
}

@article{presnell2008mean,
  title={The mean resultant length of the spherically projected normal distribution},
  author={Presnell, Brett and Rumcheva, Pavlina},
  journal={Statistics \& probability letters},
  volume={78},
  number={5},
  pages={557--563},
  year={2008},
  publisher={Elsevier}
}

@inproceedings{zhang2020vcu,
  title={The VCU-RVI Benchmark: Evaluating Visual Inertial Odometry for Indoor Navigation Applications with an RGB-D Camera},
  author={Zhang, He and Jin, Lingqiu and Ye, Cang},
  booktitle={2020 IEEE/RSJ International Conference on Intelligent Robots and Systems (IROS)},
  pages={6209--6214},
  year={2020},
  organization={IEEE}
}